[gd_scene load_steps=10 format=3 uid="uid://crucfiw5scqym"]

[ext_resource type="Texture2D" uid="uid://cq8bx8of065hq" path="res://close_button/pressed.png" id="1"]
[ext_resource type="FontFile" uid="uid://tvrsqe4nybrs" path="res://opensans/OpenSans-Regular.ttf" id="2"]
[ext_resource type="FontFile" uid="uid://bglcni24u2qxj" path="res://opensans/OpenSans-Bold.ttf" id="3"]
[ext_resource type="Texture2D" uid="uid://rvxy5hc5ky7i" path="res://close_button/normal.png" id="4"]
[ext_resource type="Texture2D" uid="uid://ci8xta16yphyu" path="res://close_button/hover.png" id="5"]

[sub_resource type="StyleBoxEmpty" id="StyleBoxEmpty_vkjlj"]

[sub_resource type="StyleBoxFlat" id="StyleBoxFlat_17y3u"]
bg_color = Color(0.076, 0.076, 0.076, 1)

[sub_resource type="LabelSettings" id="LabelSettings_po36j"]
font = ExtResource("2")
font_size = 14

[sub_resource type="LabelSettings" id="LabelSettings_o5dm6"]
font = ExtResource("3")
font_size = 32

[node name="Info" type="Panel"]
anchors_preset = 15
anchor_right = 1.0
anchor_bottom = 1.0
theme_override_styles/panel = SubResource("StyleBoxEmpty_vkjlj")

[node name="Panel" type="Panel" parent="."]
layout_mode = 1
anchors_preset = -1
anchor_right = 1.0
anchor_bottom = 1.0
offset_left = 25.0
offset_top = 25.0
offset_right = -25.0
offset_bottom = -25.0
theme_override_styles/panel = SubResource("StyleBoxFlat_17y3u")

[node name="ScrollContainer" type="ScrollContainer" parent="Panel"]
layout_mode = 1
anchors_preset = -1
anchor_right = 1.0
anchor_bottom = 1.0
offset_left = 25.0
offset_top = 80.0
offset_right = -25.0
offset_bottom = -25.0
horizontal_scroll_mode = 0

[node name="VBoxContainer" type="VBoxContainer" parent="Panel/ScrollContainer"]
layout_mode = 2
size_flags_horizontal = 3
size_flags_vertical = 3

[node name="content" type="Label" parent="Panel/ScrollContainer/VBoxContainer"]
layout_mode = 2
size_flags_horizontal = 5
size_flags_vertical = 3
text = "This is an application to view school class timetables from Sentral. It shows useful information, such as the current period, the progress through the period, timetable information such as class, location, and teacher, etc.

To use this, use the initial load menu (only on first use) or settings menu to load a .ical file. You can obtain this file by going to Sentral > My Timetable > Export as iCal. The downloaded file is what is to be loaded. This app is intended for students, so only loading a student's calendar file will work and not a teacher's calendar file.

If the load is successful, then the timetable for today will appear. If there is no timetable it will tell you, but if there is you will be able to see all of the information.

Note that the timetable is per-day and does not repeat, so you will have to load a new timetable file once the old one ends.

The interface is mainly non-interactive, all changable settings can be seen here in the settings menu. However, you can hover over the progress bar area during a period to see the time from the start and end of a period. If the timetable is too long and extends outside of the area, you can also use your scroll wheel to scroll in it.

That's all you need to know to use the app. Enjoy!"
label_settings = SubResource("LabelSettings_po36j")
autowrap_mode = 2

[node name="closeinfo" type="TextureButton" parent="Panel"]
layout_mode = 0
anchor_left = 1.0
anchor_right = 1.0
grow_horizontal = 0
texture_normal = ExtResource("4")
texture_pressed = ExtResource("1")
texture_hover = ExtResource("5")

[node name="title" type="Label" parent="Panel"]
layout_mode = 0
offset_left = 25.0
offset_top = 25.0
offset_right = 56.0
offset_bottom = 48.0
text = "Info"
label_settings = SubResource("LabelSettings_o5dm6")
